
@misc{Authors14,
 author = {Authors},
 title = {The frobnicatable foo filter},
 note = {Face and Gesture  submission ID 324. Supplied as additional material {\tt fg324.pdf}},
 year = 2014
}

@article{Alpher02,
author = {A. Alpher},
title = {Frobnication},
journal = {Journal of Foo},
volume = 12, 
number = 1, 
pages = {234--778}, 
year = 2002
}

book{Xbook,
    author    = "",
    title     = "",
    publisher = "",
    %volume   = "",
    %number   = "",
    %series   = "",
    %address  = "",
    %edition  = "",
    year      = "XXXX",
    %month    = "",
    %note     = "",
}

booklet{Xbooklet,
    %author   = "",
    title     = "",
    %howpublished   = "",
    %address  = "",
    year      = "XXXX",
    %month    = "",
    %note     = "",
}

conference{Xconference,
    author    = "",
    title     = "",
    booktitle = "",
    %editor   = "",
    %volume   = "",
    %number   = "",
    %series   = "",
    %pages    = "",
    %address  = "",
    year      = "XXXX",
    %month    = "",
    %publisher= "",
    %note     = "",
}

mastersthesis{Xthesis,
    author    = "",
    title     = "",
    school    = "",
    %type     = "diploma thesis",
    %address  = "",
    year      = "XXXX",
    %month    = "",
    %note     = "",
}

misc{Xmisc,
    %author    = "",
    %title     = "",
    %howpublished = "",
    %year     = "XXXX",
    %month    = "",
    %note     = "",
}

misc{Xwebsite,
    %author    = "",
    %title     = "",
    %howpublished = "\url{}",
    %year     = "XXXX",
    %month    = "",
    %note     = "",
}
